<record><leader>00000cas a2200000 a 4500</leader><controlfield tag="001">11334335</controlfield><controlfield tag="008">841101d18961909ksudr ne      0   a0eng d</controlfield><datafield ind1=" " ind2=" " tag="010"><subfield code="a">sn 84030179 </subfield></datafield><datafield ind1=" " ind2=" " tag="040"><subfield code="a">KSH</subfield><subfield code="b">eng</subfield><subfield code="c">KSH</subfield><subfield code="d">NPT</subfield><subfield code="d">OCL</subfield><subfield code="d">OCLCQ</subfield></datafield><datafield ind1=" " ind2=" " tag="042"><subfield code="a">msc</subfield></datafield><datafield ind1="0" ind2=" " tag="130"><subfield code="a">Daily union (Junction City, Kan. : 1896)</subfield></datafield><datafield ind1="1" ind2="4" tag="245"><subfield code="a">The daily union.</subfield></datafield><datafield ind1=" " ind2=" " tag="260"><subfield code="a">Junction City, Kan. :</subfield><subfield code="b">Montgomery, Gilbert &amp; Moore,</subfield><subfield code="c">-1909.</subfield></datafield><datafield ind1=" " ind2=" " tag="300"><subfield code="a">v. :</subfield><subfield code="b">ill. ;</subfield><subfield code="c">56 cm.</subfield></datafield><datafield ind1=" " ind2=" " tag="310"><subfield code="a">Daily</subfield></datafield><datafield ind1="0" ind2=" " tag="362"><subfield code="a">-whole no. 1022 (June 21, 1898) ; vol. 3, no. 1 (June 22, 1898)-v. 11, no. 214 (July 17, 1908) ; July 18, 1908-Feb. 13, 1909.</subfield></datafield><datafield ind1="1" ind2=" " tag="362"><subfield code="a">Began with June 1, 1896 issue?</subfield></datafield><datafield ind1=" " ind2=" " tag="580"><subfield code="a">Issued also in a weekly edition called: Junction City union (Junction City, Kan. : 1871).</subfield></datafield><datafield ind1=" " ind2=" " tag="588"><subfield code="a">Description based on: No. 778 (Sept. 4, 1897).</subfield></datafield><datafield ind1=" " ind2=" " tag="752"><subfield code="a">United States</subfield><subfield code="b">Kansas</subfield><subfield code="c">Geary</subfield><subfield code="d">Junction City.</subfield></datafield><datafield ind1="1" ind2=" " tag="775"><subfield code="t">Junction City union (Junction City, Kan. : 1871)</subfield><subfield code="w">(DLC)sn 84030183</subfield></datafield><datafield ind1="0" ind2="0" tag="785"><subfield code="t">Junction City union</subfield><subfield code="w">(DLC)sn 82014021</subfield></datafield></record>